% references.bib

@online{Sanders-GZ,
author = "Dieleman, S.",
title = "My solution for the Galaxy Zoo challenge",
year = "2014",
url = "http://benanne.github.io/2014/04/05/galaxy-zoo.html",
}


@online{Sanders-P,
author = "Dieleman, S. and Oord, A. and Korshunova, I. and Burms, J. and Degrave, J. and Pigou, L. and Buteneers, P.",
title = "Classifying plankton with deep neural networks",
year = "2015",
url = "https://benanne.github.io/2015/03/17/plankton.html",
}


@article{rumelhart,
author = {E. Rumelhart, David and E. Hinton, Geoffrey and J. Williams, Ronald},
year = {1986},
month = {10},
pages = {533-536},
title = {Learning Representations by Back Propagating Errors},
volume = {323},
booktitle = {Nature}
}

@online{dgb,
author = "Bridge, D. G.",
title = "CS4619: Artificial Intelligence II - Overfitting and Underfitting",
year = "2018",
url = "http://www.cs.ucc.ie/~dgb/courses/ai2/05_over_n_under_fitting.pdf",
}


@inproceedings{cap1,
 author = {Hinton, Geoffrey F.},
 title = {Shape Representation in Parallel Systems},
 booktitle = {Proceedings of the 7th International Joint Conference on Artificial Intelligence - Volume 2},
 series = {IJCAI'81},
 year = {1981},
 location = {Vancouver, BC, Canada},
 pages = {1088--1096},
 numpages = {9},
 url = {http://dl.acm.org/citation.cfm?id=1623264.1623370},
 acmid = {1623370},
 publisher = {Morgan Kaufmann Publishers Inc.},
 address = {San Francisco, CA, USA},
}

@article{cap2,
  author    = {Sara Sabour and
               Nicholas Frosst and
               Geoffrey E. Hinton},
  title     = {Dynamic Routing Between Capsules},
  journal   = {CoRR},
  volume    = {abs/1710.09829},
  year      = {2017},
  url       = {http://arxiv.org/abs/1710.09829},
  archivePrefix = {arXiv},
  eprint    = {1710.09829},
  timestamp = {Thu, 02 Nov 2017 14:25:36 +0100},
  biburl    = {https://dblp.org/rec/bib/journals/corr/abs-1710-09829},
  bibsource = {dblp computer science bibliography, https://dblp.org}
}

@article{Kingma,
  author    = {Diederik P. Kingma and
               Jimmy Ba},
  title     = {Adam: {A} Method for Stochastic Optimization},
  journal   = {CoRR},
  volume    = {abs/1412.6980},
  year      = {2014},
  url       = {http://arxiv.org/abs/1412.6980},
  archivePrefix = {arXiv},
  eprint    = {1412.6980},
  timestamp = {Wed, 07 Jun 2017 14:40:52 +0200},
  biburl    = {https://dblp.org/rec/bib/journals/corr/KingmaB14},
  bibsource = {dblp computer science bibliography, https://dblp.org}
}


@article{Lintott,
      author         = "Lintott, Chris J. and others",
      title          = "{Galaxy Zoo : Morphologies derived from visual inspection
                        of galaxies from the Sloan Digital Sky Survey}",
      journal        = "Mon. Not. Roy. Astron. Soc.",
      volume         = "389",
      year           = "2008",
      pages          = "1179-1189",
      doi            = "10.1111/j.1365-2966.2008.13689.x",
      eprint         = "0804.4483",
      archivePrefix  = "arXiv",
      primaryClass   = "astro-ph",
      SLACcitation   = "%%CITATION = ARXIV:0804.4483;%%"
}

@article{Nguyen,	
	author = "Nguyen, Tu Dinh and Tran, Truyen",
  	title = "Galaxy Zoo Challenge with Convolutional Neural Networks",
  	year = "2014",
  	DOI = "null"
} 

@article{Fang,
  author = "Fang-Chieh, C",
  title = "Galaxy Zoo Challenge: Classify Galaxy Morphologies from Images",
  year = "2014",
  DOI = "https://pdfs.semanticscholar.org/9664/597699edfe445a2a44eb1684ef5d4d09ebf3.pdf?_ga=2.146761655.2006366492.1521836151-62230879.1521836151"
} 

@article{Bhandare,
  author = "Bhandare, Ashwin and Bhide, Maithili and Gokhale, Pranav and Chandavarkar, Rohan",
  title =  "Applications of Convolutional Neural Networks",
  journal = "(IJCSIT) International Journal of Computer Science and Information Technologies",
  volume = "7",
  number = "5",
  pages = "2206-2215",
  year = "2016",
  DOI = "http://ijcsit.com/ijcsit/index.php/IJCSIT/article/view/14"
} 

@article{Hinton,
  author = "Hinton, G. E. and Srivastava, N. and Krizhevsky, A. and Sutskever, I. and Salakhutdinov, R. R.",
  title = "Improving neural networks by preventing co-adaptation of feature detectors",
  year = "2012",
  DOI = "https://arxiv.org/abs/1207.0580"
} 

@article{ImageNet,
  author = "Krizhevsky, A. and Sutskever, I. and Hinton, G. E.",
  title = "ImageNet Classification with Deep Convolutional Neural Networks",
  journal = "NIPS'12 Proceedings of the 25th International Conference on Neural Information Processing Systems",
  volume = "1",
  pages = "1097-1105",
  year = "2012",
  DOI = "https://papers.nips.cc/paper/4824-imagenet-classification-with-deep-convolutional-neural-networks"
} 

@article{ReLu,
  author = "Nair, V. and Hinton, G. E.",
  title = "Rectified Linear Units Improve Restricted Boltzmann Machines",
  year = "2010",
  DOI = "https://www.cs.toronto.edu/~hinton/absps/reluICML.pdf"
}



%@article{Jarrett,
%  author = "Jarrett, K. and Kavukcuoglu, K. and Ranzato, M. A. and LeCun, Y.",
%  title = "Rectified Linear Units Improve Restricted Boltzmann Machines",
%  year = "2009",
%  DOI = "https://www.cs.toronto.edu/~hinton/absps/reluICML.pdf"
%}

@article{SGD,
  author = "Bottou, L.",
  title = "Stochastic Gradient Learning in Neural Networks",
  year = "1991",
  DOI = "http://citeseerx.ist.psu.edu/viewdoc/summary?doi=10.1.1.52.361"
} 

@article{Willett,
  author = "Willett, K. W. and Lintott, C. J. and Bamford, S. P. and Masters, K. L. and Simmons, B. D. and Casteels, K. R.V. and Edmondson, E. M. and Fortson, L. F. and Kaviraj, S. and Keel, W. C. and Melvin, T. and Nichol, R. C. and Raddick, M. J. and Schawinski, K. and Simpson, R. J. and Skibba, R. A. and Smith, A. M. and Thomas, D. ",
  title = "Galaxy Zoo 2: detailed morphological classifications for 304,122 galaxies from the Sloan Digital Sky Survey",
  journal = "Mon. Not. R. Astron. Soc.",
  volume = "000",
  pages = "1-29",
  year = "2013",
  DOI = "10.1093/mnras/stt1458"
} 

@article{dropout,
  author = "Srivastava, N. and Hinton, G and Krizhevsky, A. and Sutskever, I. and Salakhutdinov, R. R.",
  title = "Dropout: A Simple Way to Prevent Neural Networks from Overfitting",
  journal = "Journal of Machine Learning Research",
  volume = "15",
  pages = "1929-1958", 
  year = "2014",
  DOI = "http://www.jmlr.org/papers/v15/srivastava14a.html"
}

@article{maxout,
  author = "Goodfellow, Ian and Warde-Farley, David and Mirza, Mehdi and Aaron Courville and Yoshua Bengio",
  title = "Maxout Networks",
  year = "2013",
  DOI = "https://arxiv.org/abs/1302.4389"
} 



